<record><leader>00000cas a22000007a 4500</leader><controlfield tag="001">11937176</controlfield><controlfield tag="008">850418d1885190uwiudn ne      0    0eng d</controlfield><datafield ind1=" " ind2=" " tag="010"><subfield code="a">sn 85040536 </subfield></datafield><datafield ind1=" " ind2=" " tag="040"><subfield code="a">NPV</subfield><subfield code="b">eng</subfield><subfield code="c">NPV</subfield><subfield code="d">OCLCQ</subfield></datafield><datafield ind1=" " ind2=" " tag="042"><subfield code="a">msc</subfield></datafield><datafield ind1=" " ind2=" " tag="043"><subfield code="a">n-us-wi</subfield></datafield><datafield ind1=" " ind2=" " tag="045"><subfield code="a">w8x0</subfield></datafield><datafield ind1=" " ind2=" " tag="052"><subfield code="a">4123</subfield><subfield code="b">F6</subfield></datafield><datafield ind1="0" ind2=" " tag="130"><subfield code="a">Daily commonwealth (Fond du Lac, Wis. : 1885)</subfield></datafield><datafield ind1="1" ind2="4" tag="245"><subfield code="a">The Daily commonwealth.</subfield></datafield><datafield ind1="1" ind2="3" tag="246"><subfield code="a">Commonwealth</subfield></datafield><datafield ind1=" " ind2=" " tag="260"><subfield code="a">Fond du Lac, Wis. :</subfield><subfield code="b">Commonwealth Printing</subfield></datafield><datafield ind1=" " ind2=" " tag="300"><subfield code="a">v. :</subfield><subfield code="b">ill.</subfield></datafield><datafield ind1=" " ind2=" " tag="310"><subfield code="a">Daily (except Sun.)</subfield></datafield><datafield ind1="1" ind2=" " tag="362"><subfield code="a">Began in 1885.</subfield></datafield><datafield ind1=" " ind2=" " tag="580"><subfield code="a">Also published in weekly ed. with title: The Commonwealth.</subfield></datafield><datafield ind1=" " ind2=" " tag="588"><subfield code="a">Description based on: Vol. 16, no. 1 (Sept. 1, 1885).</subfield></datafield><datafield ind1=" " ind2=" " tag="752"><subfield code="a">United States</subfield><subfield code="b">Wisconsin</subfield><subfield code="c">Fond du Lac</subfield><subfield code="d">Fond du Lac.</subfield></datafield><datafield ind1="1" ind2=" " tag="775"><subfield code="t">Commonwealth (Fond du Lac, Wis.)</subfield><subfield code="w">(DLC)sn 85040529</subfield></datafield><datafield ind1="0" ind2="0" tag="780"><subfield code="t">Fond du Lac daily commonwealth (Fond du Lac, Wis. : 1875)</subfield><subfield code="w">(DLC)sn 85040535</subfield></datafield><datafield ind1="0" ind2="7" tag="785"><subfield code="t">Daily news (Fond du Lac, Wis.)</subfield><subfield code="w">(DLC)sn 84024837</subfield></datafield><datafield ind1="0" ind2="7" tag="785"><subfield code="t">Daily commonwealth and the daily news</subfield><subfield code="w">(DLC)sn 85040537</subfield></datafield></record>